@inproceedings{Shneiderman1996Eyes,
  author = {Shneiderman, Ben},
  booktitle = {Proceedings of the 1996 IEEE Symposium on Visual Languages},
  doi = {10.1109/VL.1996.545307},
  keywords = {guidelines, interaction, domain:infovis},
  pages = {336--343},
  publisher = {IEEE Computer Society},
  series = {VL},
  title = {The Eyes Have It: A Task by Data Type Taxonomy for Information Visualizations},
  year = {1996}
}

@misc{wiki:BibTeX,
   author = "Wikipedia",
   title = "{BibTeX} --- {W}ikipedia{,} The Free Encyclopedia",
   year = "2021",
   howpublished = {\url{http://en.wikipedia.org/w/index.php?title=BibTeX&oldid=1051074131}},
   note = "[Online; accessed 23-November-2021]"
 }